
@book{balzert_lehrbuch_2009,
  langid = {german},
  location = {{Heidelberg}},
  edition = {3. Aufl},
  title = {Lehrbuch der Softwaretechnik: Basiskonzepte und Requirements-Engineering},
  isbn = {978-3-8274-1705-3},
  shorttitle = {Lehrbuch der Softwaretechnik},
  series = {Lehrbücher der Informatik},
  publisher = {{Spektrum, Akad. Verl}},
  date = {2009},
  author = {Balzert, Helmut},
  file = {/Users/andre/Zotero/storage/KQCM7DKP/Balzert - 2009 - Lehrbuch der Softwaretechnik Basiskonzepte und Re.pdf},
  note = {OCLC: 488675080}
}

@book{balzert_lehrbuch_2011,
  langid = {german},
  location = {{Heidelberg}},
  edition = {3. Aufl},
  title = {Lehrbuch der Softwaretechnik. 2: Entwurf, Implementierung, Installation und Betrieb},
  isbn = {978-3-8274-1706-0},
  shorttitle = {Lehrbuch der Softwaretechnik. 2},
  pagetotal = {596},
  series = {Lehrbücher der Informatik},
  publisher = {{Spektrum, Akad. Verl}},
  date = {2011},
  author = {Balzert, Helmut and Liggesmeyer, Peter},
  note = {OCLC: 750951360}
}

@book{gorski_websockets_2015,
  langid = {german},
  location = {{München}},
  title = {WebSockets: moderne HTML5-Echtzeitanwendungen entwickeln},
  isbn = {978-3-446-44371-6 978-3-446-44438-6},
  shorttitle = {WebSockets},
  pagetotal = {269},
  publisher = {{Hanser}},
  date = {2015},
  author = {Gorski, Peter Leo and Lo Iacono, Luigi and Nguyen, Hoai Viet},
  note = {OCLC: 901007083}
}

@book{coward_java_2014,
  location = {{New York}},
  title = {Java {{WebSocket}} Programming},
  isbn = {978-0-07-182719-5},
  pagetotal = {230},
  publisher = {{McGraw-Hill}},
  date = {2014},
  keywords = {Internet programming,Java (Computer program language),Web site development},
  author = {Coward, Danny}
}

@book{woiwode_angular_2017,
  langid = {german},
  location = {{Heidelberg}},
  edition = {1. Auflage},
  title = {Angular: Grundlagen, fortgeschrittene Techniken und Best Practices mit TypeScript - ab Angular 4, inklusive NativeScript und Redux},
  isbn = {978-3-86490-357-1 978-3-96088-205-3 978-3-96088-206-0 978-3-96088-207-7},
  shorttitle = {Angular},
  pagetotal = {551},
  series = {iX Edition},
  publisher = {{dpunkt.verlag}},
  date = {2017},
  author = {Woiwode, Gregor and Malcher, Ferdinand and Koppenhagen, Danny and Hoppe, Johannes},
  file = {/Users/andre/Zotero/storage/GQ8EZZHM/Woiwode et al. - 2017 - Angular Grundlagen, fortgeschrittene Techniken un.pdf},
  note = {OCLC: 939112124}
}

@article{pimentel_communicating_2012,
  title = {Communicating and {{Displaying Real}}-{{Time Data}} with {{WebSocket}}},
  volume = {16},
  issn = {1089-7801},
  url = {http://ieeexplore.ieee.org/document/6197172/},
  doi = {10.1109/MIC.2012.64},
  number = {4},
  journaltitle = {IEEE Internet Computing},
  urldate = {2017-10-21},
  date = {2012-07},
  pages = {45--53},
  author = {Pimentel, Victoria and Nickerson, Bradford G.}
}

@book{abts_masterkurs_2015,
  langid = {german},
  location = {{Wiesbaden}},
  edition = {4. Aufl},
  title = {Masterkurs Client/Server-Programmierung mit Java: Anwendungen entwickeln mit Standard-Technologien},
  isbn = {978-3-658-09920-6 978-3-658-09921-3},
  shorttitle = {Masterkurs Client/Server-Programmierung mit Java},
  pagetotal = {341},
  series = {Lehrbuch},
  publisher = {{Springer Vieweg}},
  date = {2015},
  author = {Abts, Dietmar},
  file = {/Users/andre/Zotero/storage/LVXZLWAX/Abts - 2015 - Masterkurs ClientServer-Programmierung mit Java .pdf},
  note = {OCLC: 913050062}
}

@inproceedings{skvorc_performance_2014,
  title = {Performance Evaluation of {{Websocket}} Protocol for Implementation of Full-Duplex Web Streams},
  isbn = {978-953-233-077-9 978-953-233-081-6},
  url = {http://ieeexplore.ieee.org/document/6859715/},
  doi = {10.1109/MIPRO.2014.6859715},
  publisher = {{IEEE}},
  urldate = {2017-10-21},
  date = {2014-05},
  pages = {1003--1008},
  author = {Skvorc, D. and Horvat, M. and Srbljic, S.}
}

@online{hickson_websocket_2010,
  title = {The {{WebSocket}} Protocol},
  url = {https://tools.ietf.org/search/draft-hixie-thewebsocketprotocol-76},
  urldate = {2017-12-19},
  date = {2010-05-06},
  author = {Hickson, Ian},
  file = {/Users/andre/Zotero/storage/KHN8ZS6V/draft-hixie-thewebsocketprotocol-76.html}
}

@online{whatwg_html_2010,
  title = {{{HTML Standard}}},
  url = {https://html.spec.whatwg.org/multipage/web-sockets.html},
  urldate = {2017-12-19},
  date = {2010},
  author = {{WHATWG}},
  file = {/Users/andre/Zotero/storage/CGSHKRBQ/web-sockets.html}
}

@online{denis_will_2016,
  title = {Will {{WebSocket}} Survive {{HTTP}}/2?},
  url = {https://www.infoq.com/articles/websocket-and-http2-coexist},
  abstract = {HTTP/2 is poised to eliminate much of the waste that developers deal with. Multiplexed connections will eliminate the need to bundle JavaScript libraries together. But is HTTP/2 a panacea to all our problems? What about WebSocket? Allan Denis tells us what HTTP/2 is good at and debunks some myths about what it can do.},
  journaltitle = {InfoQ},
  urldate = {2017-12-19},
  date = {2016-05-14},
  author = {Denis, Allan},
  file = {/Users/andre/Zotero/storage/LYT63S6V/websocket-and-http2-coexist.html}
}

@online{fette_websocket_2010,
  title = {The {{WebSocket Protocol}}},
  url = {https://tools.ietf.org/html/draft-ietf-hybi-thewebsocketprotocol-01},
  urldate = {2017-12-19},
  date = {2010-08-31},
  author = {Fette, Ian},
  file = {/Users/andre/Zotero/storage/S9BVERWX/draft-ietf-hybi-thewebsocketprotocol-00.html}
}

@online{fette_websocket_2011,
  title = {The {{WebSocket Protocol}}},
  url = {https://tools.ietf.org/html/rfc6455},
  urldate = {2017-12-19},
  date = {2011-12-01},
  author = {Fette, Ian and Melnikov, Alexey},
  file = {/Users/andre/Zotero/storage/W2YBXGBD/rfc6455.html}
}

@online{leach_hypertext_1999,
  title = {Hypertext {{Transfer Protocol}} -- {{HTTP}}/1.1},
  url = {https://tools.ietf.org/html/rfc2616},
  urldate = {2017-12-20},
  date = {1999-06-01},
  author = {Leach, Paul J. and Berners-Lee, Tim and Mogul, Jeffrey C. and Masinter, Larry and Fielding, Roy T. and Gettys, James},
  file = {/Users/andre/Zotero/storage/UGTIZ3VG/rfc2616.html}
}

@article{huang_talking_2011,
  title = {Talking to Yourself for Fun and Profit},
  journaltitle = {Proceedings of W2SP},
  date = {2011-01-01},
  pages = {1--11},
  author = {Huang, Lin-Shung and Chen, Eric Y. and Barth, Adam and Rescorla, Eric and Jackson, Collin},
  file = {/Users/andre/Zotero/storage/CY5IXJIZ/websocket.pdf}
}

@online{shepherd_writing_2017,
  title = {Writing {{WebSocket}} Servers},
  url = {https://developer.mozilla.org/en-US/docs/Web/API/WebSockets_API/Writing_WebSocket_servers},
  abstract = {A WebSocket server is a TCP application listening on any port of a server that follows a specific protocol, simple as that. The task of creating a custom server tends to scare people; however, it can be easy to implement a simple WebSocket server on your platform of choice.},
  journaltitle = {Mozilla Developer Network},
  urldate = {2017-12-22},
  year = {16.8.17},
  author = {Shepherd, Eric},
  file = {/Users/andre/Zotero/storage/ELY8QCV6/Writing_WebSocket_servers.html}
}

@online{internet_assigned_numbers_authority_websocket_2011,
  title = {{{WebSocket Protocol Registries}}},
  url = {https://www.iana.org/assignments/websocket/websocket.xhtml#opcode},
  urldate = {2017-12-25},
  date = {2011-10-21},
  author = {{Internet Assigned Numbers Authority}},
  file = {/Users/andre/Zotero/storage/KZ5BAIWK/websocket.html}
}

@online{melnikov_additional_2012,
  title = {Additional {{WebSocket Close Error Codes}}},
  url = {http://www.ietf.org/mail-archive/web/hybi/current/msg09670.html},
  urldate = {2017-12-25},
  year = {16.5.12},
  author = {Melnikov, Alexey},
  file = {/Users/andre/Zotero/storage/FL9G3AKP/msg09670.html}
}

@online{yoshino_compression_2015,
  title = {Compression {{Extensions}} for {{WebSocket}}},
  url = {https://tools.ietf.org/html/draft-ietf-hybi-permessage-compression-28#section-4},
  urldate = {2017-12-26},
  date = {2015-08-24},
  author = {Yoshino, Takeshi},
  file = {/Users/andre/Zotero/storage/3Z8U8APE/draft-ietf-hybi-permessage-compression-28.html}
}

@online{whatwg_xmlhttprequest_2006,
  title = {{{XMLHttpRequest Standard}}},
  url = {https://xhr.spec.whatwg.org/},
  urldate = {2017-12-27},
  date = {2006-01-01},
  author = {{WHATWG}},
  file = {/Users/andre/Zotero/storage/4AIWRDVJ/xhr.spec.whatwg.org.html}
}

@online{russell_cometd_2007,
  title = {The {{CometD Reference Book}} – 3.1.3},
  url = {https://docs.cometd.org/current/reference/#_bayeux},
  urldate = {2017-12-28},
  date = {2007-01-01},
  author = {Russell, Alex and Wilkins, Greg and Davis, David and Nesbitt, Mark},
  file = {/Users/andre/Zotero/storage/8EWBKYUS/reference.html}
}

@online{russell_comet_2006,
  title = {Comet: {{Low Latency Data}} for the {{Browser}} – {{Infrequently Noted}}},
  url = {https://infrequently.org/2006/03/comet-low-latency-data-for-the-browser/},
  shorttitle = {Comet},
  urldate = {2017-12-28},
  date = {2006-03-03},
  author = {Russell, Alex},
  file = {/Users/andre/Zotero/storage/L3ALBEZL/comet-low-latency-data-for-the-browser.html}
}

@online{hickson_server-sent_2009,
  title = {Server-{{Sent Events}}},
  url = {https://www.w3.org/TR/2009/WD-eventsource-20090423/},
  urldate = {2017-12-28},
  date = {2009-04-23},
  author = {Hickson, Ian},
  file = {/Users/andre/Zotero/storage/L4QAAG8J/WD-eventsource-20090423.html}
}


