
@book{balzert_lehrbuch_2009,
	location = {Heidelberg},
	edition = {3. Aufl},
	title = {Lehrbuch der Softwaretechnik: Basiskonzepte und Requirements-Engineering},
	isbn = {978-3-8274-1705-3},
	series = {Lehrbücher der Informatik},
	shorttitle = {Lehrbuch der Softwaretechnik},
	publisher = {Spektrum, Akad. Verl},
	author = {Balzert, Helmut},
	date = {2009},
	note = {{OCLC}: 488675080},
	file = {Table of Contents PDF:/Users/andre/Zotero/storage/KQCM7DKP/Balzert - 2009 - Lehrbuch der Softwaretechnik Basiskonzepte und Re.pdf:application/pdf}
}

@book{balzert_lehrbuch_2011,
	location = {Heidelberg},
	edition = {3. Aufl},
	title = {Lehrbuch der Softwaretechnik. 2: Entwurf, Implementierung, Installation und Betrieb},
	isbn = {978-3-8274-1706-0},
	series = {Lehrbücher der Informatik},
	shorttitle = {Lehrbuch der Softwaretechnik. 2},
	pagetotal = {596},
	publisher = {Spektrum, Akad. Verl},
	author = {Balzert, Helmut and Liggesmeyer, Peter},
	date = {2011},
	note = {{OCLC}: 750951360}
}

@book{gorski_websockets:_2015,
	location = {München},
	title = {{WebSockets}: moderne {HTML}5-Echtzeitanwendungen entwickeln},
	isbn = {978-3-446-44371-6 978-3-446-44438-6},
	shorttitle = {{WebSockets}},
	pagetotal = {269},
	publisher = {Hanser},
	author = {Gorski, Peter Leo and Lo Iacono, Luigi and Nguyen, Hoai Viet},
	date = {2015},
	note = {{OCLC}: 901007083}
}

@book{coward_java_2014,
	location = {New York},
	title = {Java {WebSocket} programming},
	isbn = {978-0-07-182719-5},
	pagetotal = {230},
	publisher = {{McGraw}-Hill},
	author = {Coward, Danny},
	date = {2014},
	keywords = {Internet programming, Java (Computer program language), Web site development}
}

@book{woiwode_angular:_2017,
	location = {Heidelberg},
	edition = {1. Auflage},
	title = {Angular: Grundlagen, fortgeschrittene Techniken und Best Practices mit {TypeScript} - ab Angular 4, inklusive {NativeScript} und Redux},
	isbn = {978-3-86490-357-1 978-3-96088-205-3 978-3-96088-206-0 978-3-96088-207-7},
	series = {{iX} Edition},
	shorttitle = {Angular},
	pagetotal = {551},
	publisher = {dpunkt.verlag},
	author = {Woiwode, Gregor and Malcher, Ferdinand and Koppenhagen, Danny and Hoppe, Johannes},
	date = {2017},
	note = {{OCLC}: 939112124},
	file = {Table of Contents PDF:/Users/andre/Zotero/storage/GQ8EZZHM/Woiwode et al. - 2017 - Angular Grundlagen, fortgeschrittene Techniken un.pdf:application/pdf}
}

@collection{icc_2012_2012,
	location = {Piscataway, {NJ}},
	title = {2012 {IEEE} International Conference on Communications ({ICC} 2012): Ottawa, Ontario, Canada, 10 - 15 June 2012 ; [symposia and workshop papers]},
	isbn = {978-1-4577-2053-6 978-1-4577-2052-9 978-1-4577-2051-2},
	shorttitle = {2012 {IEEE} International Conference on Communications ({ICC} 2012)},
	publisher = {{IEEE}},
	editor = {{ICC} and Institute of Electrical \{and\} Electronics Engineers},
	date = {2012}
}

@article{pimentel_communicating_2012,
	title = {Communicating and Displaying Real-Time Data with {WebSocket}},
	volume = {16},
	issn = {1089-7801},
	url = {http://ieeexplore.ieee.org/document/6197172/},
	doi = {10.1109/MIC.2012.64},
	pages = {45--53},
	number = {4},
	journaltitle = {{IEEE} Internet Computing},
	author = {Pimentel, Victoria and Nickerson, Bradford G.},
	urldate = {2017-10-21},
	date = {2012-07}
}

@book{abts_masterkurs_2015,
	location = {Wiesbaden},
	edition = {4. Aufl},
	title = {Masterkurs Client/Server-Programmierung mit Java: Anwendungen entwickeln mit Standard-Technologien},
	isbn = {978-3-658-09920-6 978-3-658-09921-3},
	series = {Lehrbuch},
	shorttitle = {Masterkurs Client/Server-Programmierung mit Java},
	pagetotal = {341},
	publisher = {Springer Vieweg},
	author = {Abts, Dietmar},
	date = {2015},
	note = {{OCLC}: 913050062},
	file = {Table of Contents PDF:/Users/andre/Zotero/storage/LVXZLWAX/Abts - 2015 - Masterkurs ClientServer-Programmierung mit Java .pdf:application/pdf}
}

@inproceedings{skvorc_performance_2014,
	title = {Performance evaluation of Websocket protocol for implementation of full-duplex web streams},
	isbn = {978-953-233-077-9 978-953-233-081-6},
	url = {http://ieeexplore.ieee.org/document/6859715/},
	doi = {10.1109/MIPRO.2014.6859715},
	pages = {1003--1008},
	publisher = {{IEEE}},
	author = {Skvorc, D. and Horvat, M. and Srbljic, S.},
	urldate = {2017-10-21},
	date = {2014-05}
}